%% This BibTeX bibliography file was created using BibDesk.
%% http://bibdesk.sourceforge.net/


%% Created for Thomas Steiner at 2014-07-15 11:16:15 +0200 


%% Saved with string encoding Unicode (UTF-8) 



@incollection{reinoso2013tempchar,
	Author = {Reinoso, AntonioJ. and Gonzalez-Barahona, JesusM. and Muñoz-Mansilla, Rocio and Herraiz, Israel},
	Booktitle = {{New Challenges in Distributed Information Filtering and Retrieval}},
	Doi = {10.1007/978-3-642-31546-6_5},
	Editor = {Lai, Cristian and Semeraro, Giovanni and Vargiu, Eloisa},
	Isbn = {978-3-642-31545-9},
	Language = {English},
	Pages = {71--89},
	Publisher = {Springer Berlin Heidelberg},
	Series = {Studies in Computational Intelligence},
	Title = {{Temporal Characterization of the Requests to Wikipedia}},
	Url = {http://dx.doi.org/10.1007/978-3-642-31546-6_5},
	Volume = {439},
	Year = {2013},
	Bdsk-Url-1 = {http://dx.doi.org/10.1007/978-3-642-31546-6_5}}

@inproceedings{massa2012wikitrip,
	Acmid = {2462980},
	Address = {New York, NY, USA},
	Articleno = {40},
	Author = {Massa, Paolo and Napolitano, Maurizio and Scrinzi, Federico and Ferron, Michela},
	Booktitle = {Proceedings of the Eighth Annual International Symposium on Wikis and Open Collaboration},
	Doi = {10.1145/2462932.2462980},
	Isbn = {978-1-4503-1605-7},
	Keywords = {Wikipedia, animation over time, gender, location, open source, visualization, web tool},
	Location = {Linz, Austria},
	Numpages = {9},
	Pages = {40:1--40:9},
	Publisher = {ACM},
	Series = {WikiSym '12},
	Title = {{WikiTrip: Animated Visualization over Time of Geo-location and Gender of Wikipedians Who Edited a Page}},
	Url = {http://doi.acm.org/10.1145/2462932.2462980},
	Year = {2012},
	Bdsk-Url-1 = {http://doi.acm.org/10.1145/2462932.2462980},
	Bdsk-Url-2 = {http://dx.doi.org/10.1145/2462932.2462980}}

@incollection{sanger05historywikipedia,
	Author = {Sanger, Larry},
	Booktitle = {{Open Sources~2.0: The Continuing Evolution}},
	Editor = {Chris DiBona and Mark Stone and Danese Cooper},
	Pages = {307--38},
	Publisher = {O'Reilly Media},
	Title = {{The Early History of Nupedia and Wikipedia: A~Memoir}},
	Year = {2005}}

@inproceedings{vrandecic2012wikidata,
	Author = {Vrande\v{c}i\'{c}, Denny},
	Booktitle = {{Proceedings of the 21\superscript{st} International Conference Companion on World Wide Web}},
	Isbn = {978-1-4503-1230-1},
	Location = {Lyon, France},
	Numpages = {2},
	Pages = {1063--1064},
	Publisher = {ACM},
	Series = {WWW~'12 Companion},
	Title = {{Wikidata: A New Platform for Collaborative Data Collection}},
	Year = {2012}}

@techreport{hickson2012sse,
	Author = {Ian Hickson},
	Institution = {W3C},
	Month = dec,
	Note = {\url{http://www.w3.org/TR/eventsource/}},
	Title = {{Server-Sent Events}},
	Type = {{Candidate Recommendation}},
	Year = {2012}}

@inproceedings{steiner2013mjnomore,
	Author = {Steiner, Thomas and van Hooland, Seth and Summers, Ed},
	Booktitle = {{Proceedings of the 22\superscript{nd} International Conference on World Wide Web Companion}},
	Isbn = {978-1-4503-2038-2},
	Location = {Rio de Janeiro, Brazil},
	Numpages = {4},
	Pages = {791--794},
	Publisher = {ACM},
	Series = {WWW '13 Companion},
	Title = {{MJ No More: Using Concurrent Wikipedia Edit Spikes with Social Network Plausibility Checks for Breaking News Detection}},
	Year = {2013}}

@inproceedings{voss2005measuring,
	Author = {Voss, Jakob},
	Booktitle = {{10\superscript{th} International Conference of the International Society for Scientometrics and Informetrics}},
	Location = {Stockholm, Sweden},
	Month = jul,
	Title = {{Measuring Wikipedia}},
	Year = {2005}}

@misc{zachte2013wikidata,
	Author = {Erik Zachte},
	Month = nov,
	Note = {\url{http://stats.wikimedia.org/wikispecial/EN/TablesWikipediaWIKIDATA.htm}},
	Title = {{Statistics Wikidata}},
	Year = {2013}}

@misc{zachte2013wikipedia,
	Author = {Erik Zachte},
	Month = nov,
	Note = {\url{http://stats.wikimedia.org/EN/Sitemap.htm}},
	Title = {{Wikipedia Statistics}},
	Year = {2013}}

@misc{wikipedia2013stats,
	Author = {{Wikipedia}},
	Month = dec,
	Note = {\url{http://en.wikipedia.org/wiki/Wikipedia:Statistics}},
	Title = {{Wikipedia:Statistics}},
	Year = {2013}}

@misc{wikipedia2013special,
	Author = {{Wikipedia}},
	Month = dec,
	Note = {\url{http://en.wikipedia.org/wiki/Special:Statistics}},
	Title = {{Statistics}},
	Year = {2013}}

@article{ayers2006researchingwikipedia,
	Author = {Ayers, Phoebe},
	Issn = {1550-8390},
	Journal = {Proceedings of the American Society for Information Science and Technology},
	Number = {1},
	Pages = {1--14},
	Publisher = {Wiley Subscription Services, Inc.},
	Title = {{Researching Wikipedia -- Current Approaches and New Directions}},
	Volume = {43},
	Year = {2006}}

@inproceedings{ciampaglia2010empiricalanalysis,
	Author = {Giovanni Luca Ciampaglia and Alberto Vancheri},
	Booktitle = {{International AAAI Conference on Weblogs and Social Media}},
	Month = may,
	Pages = {219--222},
	Title = {{Empirical Analysis of User Participation in Online Communities: the Case of Wikipedia}},
	Year = {2010}}

@inproceedings{adler2008measuringauthor,
	Address = {New York, NY, USA},
	Articleno = {15},
	Author = {Adler, B. Thomas and de Alfaro, Luca and Pye, Ian and Raman, Vishwanath},
	Booktitle = {{Proceedings of the 4\superscript{th} International Symposium on Wikis}},
	Isbn = {978-1-60558-128-6},
	Location = {Porto, Portugal},
	Numpages = {10},
	Pages = {15:1--15:10},
	Publisher = {ACM},
	Series = {WikiSym '08},
	Title = {{Measuring Author Contributions to the Wikipedia}},
	Year = {2008}}

@inproceedings{boukhelifa2010realtime,
	Author = {Boukhelifa, N. and Chevalier, F. and Fekete, J.},
	Booktitle = {{2010 IEEE Symposium on Visual Analytics Science and Technology (VAST)}},
	Month = oct,
	Pages = {147--154},
	Title = {{Real-time Aggregation of Wikipedia Data for Visual Analytics}},
	Year = {2010}}

@misc{laporte2013map,
	Author = {Stephen LaPorte and Mahmoud Hashemi},
	Month = may,
	Note = {\url{http://blog.hatnote.com/post/49342528753/wikipedia-recent-changes-map}},
	Title = {{Wikipedia Recent Changes Map}},
	Year = {2013}}

@misc{laporte2013listen,
	Author = {Stephen LaPorte and Mahmoud Hashemi},
	Month = jul,
	Note = {\url{http://blog.hatnote.com/post/56856315107/listen-to-wikipedia}},
	Title = {{Listen to Wikipedia}},
	Year = {2013}}

@misc{kozma2013map,
	Author = {László Kozma},
	Month = may,
	Note = {\url{http://www.lkozma.net/wpv/faq.html}},
	Title = {{WikipediaVision (beta)}},
	Year = {2013}}

@inproceedings{geiger2013withoutbots,
	Articleno = {6},
	Author = {Geiger, R. Stuart and Halfaker, Aaron},
	Booktitle = {{Proceedings of the 9\superscript{th} International Symposium on Open Collaboration}},
	Isbn = {978-1-4503-1852-5},
	Location = {Hong Kong, China},
	Numpages = {6},
	Pages = {6:1--6:6},
	Publisher = {ACM},
	Series = {WikiSym '13},
	Title = {{When the Levee Breaks: Without Bots, What Happens to Wikipedia's Quality Control Processes?}},
	Year = {2013}}

@misc{guldbrandsson2013bots,
	Author = {Lennart Guldbrandsson},
	Month = jun,
	Note = {\url{http://blog.wikimedia.org/2013/06/17/}},
	Title = {{Swedish Wikipedia surpasses 1~million articles with aid of article creation bot}},
	Year = {2013}}

@article{halfaker2013wikipedia,
	Author = {Halfaker, Aaron and Geiger, R. Stuart and Morgan, Jonathan T. and Riedl, John},
	Journal = {American Behavioral Scientist},
	Number = {5},
	Pages = {664--688},
	Title = {{The Rise and Decline of an Open Collaboration System: How Wikipedia's Reaction to Popularity Is Causing Its Decline}},
	Volume = {57},
	Year = {2013}}

@article{alfonseca2013spam,
	Author = {Alfonseca, Enrique and Garrido, Guillermo and Delort, Jean-Yves and Peñas, Anselmo},
	Doi = {10.1007/s10579-013-9232-5},
	Issn = {1574-020X},
	Journal = {Language Resources and Evaluation},
	Number = {4},
	Pages = {1163--1190},
	Publisher = {Springer Netherlands},
	Title = {{WHAD: Wikipedia Historical Attributes Data}},
	Volume = {47},
	Year = {2013},
	Bdsk-Url-1 = {http://dx.doi.org/10.1007/s10579-013-9232-5}}

@article{yasseri2012conflicts,
	Author = {Yasseri, T. and Sumi, R. and Rung, A. and Kornai, A. and Kertész, J.},
	Journal = {PLoS ONE},
	Number = {6},
	Title = {{Dynamics of Conflicts in Wikipedia}},
	Volume = {7},
	Year = {2012}}

@article{mestyan2013boxoffice,
	Author = {Mestyán, M. and Yasseri, T. and Kertész, J.},
	Journal = {PLoS ONE},
	Number = {8},
	Title = {{Early Prediction of Movie Box Office Success Based on Wikipedia Activity Big Data}},
	Volume = {8},
	Year = {2013}}

@inproceedings{petrovic2010streamingfirststory,
	Author = {Petrovi\'{c}, Sa\v{s}a and Osborne, Miles and Lavrenko, Victor},
	Booktitle = {Human Language Technologies: The 2010 Annual Conference of the North American Chapter of the Association for Computer Linguistics},
	Isbn = {1-932432-65-5},
	Location = {Los Angeles, California},
	Numpages = {9},
	Pages = {181--189},
	Publisher = {Association for Computational Linguistics},
	Title = {{Streaming First Story Detection with Application to Twitter}},
	Year = {2010}}

@inproceedings{steiner2014botsvswikipedians,
	Acmid = {2576948},
	Address = {Republic and Canton of Geneva, Switzerland},
	Author = {Steiner, Thomas},
	Booktitle = {Proceedings of the Companion Publication of the 23\superscript{rd} International Conference on World Wide Web Companion},
	Doi = {10.1145/2567948.2576948},
	Isbn = {978-1-4503-2745-9},
	Keywords = {realtime monitoring, study, web app, wikidata, wikipedia},
	Location = {Seoul, Korea},
	Numpages = {2},
	Pages = {547--548},
	Publisher = {International World Wide Web Conferences Steering Committee},
	Series = {WWW Companion '14},
	Title = {{Bots vs. Wikipedians, Anons vs. Logged-Ins}},
	Url = {http://dx.doi.org/10.1145/2567948.2576948},
	Year = {2014},
	Bdsk-Url-1 = {http://dx.doi.org/10.1145/2567948.2576948}}

@misc{lindsay2007webhooks,
	Author = {Jeff Lindsay},
	Month = may,
	Note = {\url{http://progrium.com/blog/2007/05/03/web-hooks-to-revolutionize-the-web/}},
	Title = {Web hooks to revolutionize the web},
	Year = {2007}}

@misc{fitzpatrick2013pubsubhubbub,
	Author = {B. Fitzpatrick and B. Slatkin and M. Atkins and J. Genestoux},
	Month = jun,
	Note = {\url{https://pubsubhubbub.googlecode.com/git/pubsubhubbub-core-0.4.html}},
	Title = {{PubSubHubbub Core 0.4 -- Working Draft}},
	Year = {2013}}
