%% This BibTeX bibliography file was created using BibDesk.
%% http://bibdesk.sourceforge.net/


%% Created for Thomas Steiner at 2015-02-21 23:54:45 +0100 


%% Saved with string encoding Unicode (UTF-8) 



@inproceedings{verborgh2014triplepatterns,
	Author = {Verborgh, Ruben and Hartig, Olaf and De Meester, Ben and Haesendonck, Gerald and De Vocht, Laurens and Vander Sande, Miel and Cyganiak, Richard and Colpaert, Pieter and Mannens, Erik and Van de Walle, Rik},
	Booktitle = {Proceedings of the 13th International Semantic Web Conference: Posters and Demos},
	Month = oct,
	Pages = {13--16},
	Title = {Low-Cost Queryable {Linked Data} through Triple Pattern Fragments},
	Url = {http://ceur-ws.org/Vol-1272/paper_10.pdf},
	Volume = 1272,
	Year = 2014,
	Bdsk-Url-1 = {http://ceur-ws.org/Vol-1272/paper_10.pdf}}

@misc{bernerslee2006linkeddata,
	Author = {Tim Berners-Lee},
	Note = {\url{http://www.w3.org/DesignIssues/LinkedData.html}, accessed July 15, 2013},
	Title = {{Linked Data}},
	Year = {2006}}

@inproceedings{verborgh2014ldf,
	Author = {Verborgh, Ruben and Hartig, Olaf and De Meester, Ben and Haesendonck, Gerald and De Vocht, Laurens and Vander Sande, Miel and Cyganiak, Richard and Colpaert, Pieter and Mannens, Erik and Van de Walle, Rik},
	Booktitle = {Proceedings of the 13th International Semantic Web Conference},
	Doi = {10.1007/978-3-319-11964-9_12},
	Editor = {Mika, Peter and Tudorache, Tania and Bernstein, Abraham and Welty, Chris and Knoblock, Craig and Vrandečić, Denny and Groth, Paul and Noy, Natasha and Janowicz, Krzysztof and Goble, Carole},
	Isbn = {978-3-319-11963-2},
	Month = oct,
	Pages = {180--196},
	Publisher = {Springer},
	Series = {Lecture Notes in Computer Science},
	Title = {Querying Datasets on the {Web} with High Availability},
	Url = {http://linkeddatafragments.org/publications/iswc2014.pdf},
	Volume = 8796,
	Year = 2014,
	Bdsk-Url-1 = {http://linkeddatafragments.org/publications/iswc2014.pdf},
	Bdsk-Url-2 = {http://dx.doi.org/10.1007/978-3-319-11964-9_12}}

@techreport{fielding1999http,
	Author = {R. Fielding and J. Gettys and J. Mogul and H. Frystyk and L. Masinter and P. Leach and T. Berners-Lee},
	Date-Modified = {2013-07-16 21:38:27 +0000},
	Institution = {{IETF}},
	Title = {{Hypertext Transfer Protocol -- HTTP/1.1}},
	Type = {{RFC~2616}},
	Year = {1999}}

@article{bizer2009linkeddatastory,
	Author = {Christian Bizer and Tom Heath and Tim Berners-Lee},
	Journal = {International Journal On Semantic Web and Information Systems},
	Number = {3},
	Pages = {1--22},
	Title = {Linked Data -- The Story So Far},
	Volume = {5},
	Year = {2009}}

@techreport{prudhommeaux2008sparql,
	Author = {Eric {Prud'hommeaux} and Andy Seaborne},
	Date-Modified = {2013-07-16 21:37:55 +0000},
	Institution = {{W3C}},
	Title = {{SPARQL Query Language for RDF}},
	Type = {Recommendation},
	Year = {2008}}

@techreport{klyne2004rdf,
	Author = {Graham Klyne and Jeremy J. Carroll},
	Date-Modified = {2013-07-16 21:37:55 +0000},
	Institution = {{W3C}},
	Title = {{Resource Description Framework (RDF): Concepts and Abstract Syntax}},
	Type = {Recommendation},
	Year = {2004}}

@techreport{bernerslee2005uri,
	Author = {Tim Berners-Lee and Roy T. Fielding and Larry Masinter},
	Date-Modified = {2013-07-16 21:39:06 +0000},
	Institution = {{IETF}},
	Title = {{Uniform Resource Identifier (URI): Generic Syntax}},
	Type = {{RFC~3986}},
	Year = {2005}}

@techreport{glazkov2014shadowdom,
	Author = {Dimitri Glazkov and Hayato Ito},
	Institution = {W3C},
	Month = jun,
	Note = {\url{http://www.w3.org/TR/shadow-dom/}},
	Title = {{Shadow DOM}},
	Type = {{Working Draft}},
	Year = {2014}}

@techreport{glazkov2013customelements,
	Author = {Dimitri Glazkov},
	Institution = {W3C},
	Month = oct,
	Note = {\url{http://www.w3.org/TR/custom-elements/}},
	Title = {{Custom Elements}},
	Type = {{Last Call Working Draft}},
	Year = {2013}}

@techreport{glazkov2014htmlimports,
	Author = {Dimitri Glazkov and Hajime Morrita},
	Institution = {W3C},
	Month = mar,
	Note = {\url{http://www.w3.org/TR/html-imports/}},
	Title = {{HTML Imports}},
	Type = {{Working Draft}},
	Year = {2014}}

@techreport{cooney2013webcomponents,
	Author = {Dominic Cooney and Dimitri Glazkov},
	Institution = {W3C},
	Month = jun,
	Note = {\url{http://www.w3.org/TR/components-intro/}},
	Title = {{Introduction to Web Components}},
	Type = {{Working Draft}},
	Year = {2013}}

@inproceedings{sawhney1996hypercafe,
	Acmid = {234829},
	Address = {New York, NY, USA},
	Author = {Sawhney, Nitin and Balcom, David and Smith, Ian},
	Booktitle = {Proceedings of the the Seventh ACM Conference on Hypertext},
	Doi = {10.1145/234828.234829},
	Isbn = {0-89791-778-2},
	Keywords = {aesthetics, digital video, multi-threaded narratives, navigation, temporal links},
	Location = {Bethesda, Maryland, USA},
	Numpages = {10},
	Pages = {1--10},
	Publisher = {ACM},
	Series = {HYPERTEXT '96},
	Title = {{HyperCafe: Narrative and Aesthetic Properties of Hypervideo}},
	Url = {http://doi.acm.org/10.1145/234828.234829},
	Year = {1996},
	Bdsk-Url-1 = {http://doi.acm.org/10.1145/234828.234829},
	Bdsk-Url-2 = {http://dx.doi.org/10.1145/234828.234829}}

@article{smith2002extensible,
	Author = {Smith, J and Stotts, David},
	Journal = {Department of Computer Science, University of North Carolina at Chapel Hill, Technical Report},
	Publisher = {Citeseer},
	Title = {{An Extensible Object Tracking Architecture for Hyperlinking In Real-time and Stored Video Streams}},
	Year = {2002}}

@misc{economist2006hypervideo,
	Author = {{The Economist}},
	Month = sep,
	Note = {\url{http://www.economist.com/node/7904166}},
	Title = {{From Hypertext to Hypervideo}},
	Year = {2006}}

@misc{linkedtv2012hypervideo,
	Author = {Vasilieos Mezaris},
	Month = jan,
	Note = {\url{http://www.linkedtv.eu/research/hypervideo-analysis/}},
	Title = {Hypervideo analysis},
	Year = {2012}}

@misc{jaeger2012hypervideo,
	Author = {Joscha Jäger},
	Note = {Bachelor's thesis, Merz Akademie, University of Applied Arts, \url{http://www.open-hypervideo.org/Open-Hypervideo-Thesis.pdf}, 2012},
	Title = {{Open Hypervideo as Archive Interface}}}

@article{vandeursen2012mediafragmentannotations,
	Author = {Van Deursen, Davy and Van Lancker, Wim and Mannens, Erik and others},
	Doi = {10.1007/s11042-012-1129-6},
	Issn = {1380--7501},
	Journal = {Multimedia Tools and Applications},
	Pages = {1--20},
	Publisher = {Springer US},
	Title = {{Experiencing Standardized Media Fragment Annotations Within HTML5}},
	Year = {2012},
	Bdsk-Url-1 = {http://dx.doi.org/10.1007/s11042-012-1129-6}}

@misc{dutton2012trackelement,
	Author = {Sam Dutton},
	Month = feb,
	Note = {\url{http://www.html5rocks.com/en/tutorials/track/basics/}},
	Title = {{Getting Started With the Track Element}},
	Year = {2012}}

@techreport{sporny2013jsonld,
	Author = {Manu Sporny and Dave Longley and Gregg Kellogg and others},
	Institution = {W3C},
	Month = nov,
	Note = {\url{http://www.w3.org/TR/json-ld/}},
	Title = {{JSON-LD~1.0, A~JSON-based Serialization for Linked Data}},
	Type = {{Proposed Recommendation}},
	Year = {2013}}

@article{sadallah2012hypervideo,
	Author = {Sadallah, Madjid and others},
	Doi = {10.1007/s11042-012-1177-y},
	Issn = {1380--7501},
	Journal = {Multimedia Tools and Applications},
	Pages = {1--35},
	Publisher = {Springer US},
	Title = {{CHM: An Annotation- and Component-based Hypervideo Model for the Web}},
	Year = {2012},
	Bdsk-Url-1 = {http://dx.doi.org/10.1007/s11042-012-1177-y}}

@misc{youtube2008annotations,
	Author = {{The YouTube Team}},
	Month = jun,
	Note = {\url{http://youtube-global.blogspot.com/2008/06/new-beta-feature-video-annotations.html}},
	Title = {{New Beta Feature: Video Annotations}},
	Year = {2008}}

@misc{youtube2010annotations,
	Author = {Itamar Gilad and Aaron Bingham},
	Month = dec,
	Note = {\url{http://youtube-global.blogspot.com/2010/12/}},
	Title = {{Annotations Updates---Now It's Easier to Get Interactive}},
	Year = {2010}}

@inproceedings{fink2009collaborativeannotations,
	Author = {Sigalit Bar and others},
	Booktitle = {Webcentives '09, 1\textsuperscript{st}~International Workshop on Motivation and Incentives},
	Pages = {18--19},
	Title = {{YouTube's Collaborative Annotations}},
	Year = {2009}}

@techreport{bulterman2006smil,
	Author = {Bulterman, Dick and others},
	Institution = {W3C},
	Month = dec,
	Note = {\url{http://www.w3.org/TR/SMIL3/}},
	Title = {{Synchronized Multimedia Integration Language (SMIL~3.0)}},
	Type = {{Working Draft}},
	Year = {2006}}

@techreport{pemberton2002xhtml,
	Author = {Steven Pemberton and others},
	Institution = {W3C},
	Month = aug,
	Note = {\url{http://www.w3.org/TR/xhtml1/}},
	Title = {{The Extensible HyperText Markup Language: A Reformulation of HTML~4.0 in XML~1.0}},
	Type = {Recommendation},
	Year = {2002}}

@techreport{ferraiolo2003svg,
	Author = {Jon Ferraiolo and others},
	Institution = {W3C},
	Month = jan,
	Note = {\url{http://www.w3.org/TR/SVG/}},
	Title = {{Scalable Vector Graphics (SVG)~1.1 Specification}},
	Type = {Recommendation},
	Year = {2003}}

@techreport{schmitz1998htmltime,
	Author = {Patrick Schmitz and Jin Yu and Peter Santangeli},
	Institution = {W3C},
	Month = sep,
	Note = {\url{http://www.w3.org/TR/NOTE-HTMLplusTIME}},
	Title = {{Timed Interactive Multimedia Extensions for HTML (HTML+TIME), Extending SMIL into the Web Browser}},
	Type = {Note},
	Year = {1998}}

@techreport{newman2002xhtmlsmil,
	Author = {Debbie Newman and Aaron Patterson and Patrick Schmitz},
	Institution = {W3C},
	Month = jan,
	Note = {\url{http://www.w3.org/TR/XHTMLplusSMIL/}},
	Title = {{XHTML+SMIL Profile}},
	Type = {Note},
	Year = {2002}}

@techreport{vuorimaa2012timesheets,
	Author = {Petri Vuorimaa and Dick Bulterman and Pablo Cesar},
	Institution = {W3C},
	Month = mar,
	Note = {\url{http://www.w3.org/TR/timesheets/}},
	Title = {{SMIL Timesheets~1.0}},
	Type = {Note},
	Year = {2012}}

@misc{commontag2009spec,
	Author = {Alex Iskold and Alexandre Passant and Vuk Miličić and others},
	Month = jun,
	Note = {\url{http://commontag.org/Specification}},
	Title = {{Common Tag Specification}},
	Year = {2009}}

@article{hosack2010videoant,
	Author = {Hosack, Bradford},
	Doi = {10.1007/s11528-010-0402-7},
	Issn = {8756-3894},
	Journal = {TechTrends},
	Number = {3},
	Pages = {45--49},
	Publisher = {Springer US},
	Title = {{VideoANT: Extending Online Video Annotation beyond Content Delivery}},
	Volume = {54},
	Year = {2010},
	Bdsk-Url-1 = {http://dx.doi.org/10.1007/s11528-010-0402-7}}

@misc{brickley2010foaf,
	Author = {Dan Brickley and Libby Miller},
	Date-Modified = {2013-07-16 22:07:24 +0000},
	Note = {\url{http://xmlns.com/foaf/spec/}, accessed July 15, 2013},
	Title = {{FOAF Vocabulary Specification 0.98}},
	Type = {{Namespace Document}},
	Year = {2010}}

@techreport{dorwin2013eme,
	Author = {David Dorwin and Adrian Bateman and Mark Watson},
	Institution = {W3C},
	Month = oct,
	Note = {\url{http://www.w3.org/TR/encrypted-media/}},
	Title = {{Encrypted Media Extensions}},
	Type = {{Working Draft}},
	Year = {2013}}

@inproceedings{yi2012synote,
	Author = {Yunjia Li and Mike Wald and Tope Omitola and Nigel Shadbolt and Gary Wills},
	Bibsource = {DBLP, http://dblp.uni-trier.de},
	Booktitle = {LDOW},
	Crossref = {bizer2012ldow},
	Ee = {http://ceur-ws.org/Vol-937/ldow2012-paper-01.pdf},
	Title = {{Synote: Weaving Media Fragments and Linked Data}},
	Year = {2012}}

@proceedings{bizer2012ldow,
	Bibsource = {DBLP, http://dblp.uni-trier.de},
	Booktitle = {LDOW},
	Editor = {Christian Bizer and Tom Heath and Tim Berners-Lee and Michael Hausenblas},
	Ee = {http://ceur-ws.org/Vol-937},
	Series = {CEUR Workshop Proceedings},
	Title = {WWW2012 Workshop on Linked Data on the Web, Lyon, France, 16 April, 2012},
	Volume = {937},
	Year = {2012}}

@techreport{raggett1999html401,
	Author = {Raggett, Dave and Le Hors, Arnaud and Jacobs, Ian},
	Institution = {W3C},
	Month = dec,
	Note = {\url{http://www.w3.org/TR/html401}},
	Title = {{HTML 4.01 Specification}},
	Type = {Recommendation},
	Year = {1999}}

@inproceedings{muhleisen2012web,
	Author = {Mühleisen, Hannes and Bizer, Christian},
	Crossref = {bizer2012ldow},
	Title = {{Web Data Commons -- Extracting Structured Data from Two Large Web Corpora}},
	Volume = {937},
	Year = {2012}}

@incollection{bizer2013deployment,
	Author = {Bizer, Christian and Eckert, Kai and Meusel, Robert and Mühleisen, Hannes and Schuhmacher, Michael and Völker, Johanna},
	Booktitle = {The Semantic Web -- ISWC 2013},
	Doi = {10.1007/978-3-642-41338-4_2},
	Editor = {Alani, Harith and Kagal, Lalana and Fokoue, Achille and Groth, Paul and Biemann, Chris and Parreira, JosianeXavier and Aroyo, Lora and Noy, Natasha and Welty, Chris and Janowicz, Krzysztof},
	Isbn = {978-3-642-41337-7},
	Keywords = {Web Science; Web of Data; RDFa; Microdata; Microformats},
	Pages = {17--32},
	Publisher = {Springer Berlin Heidelberg},
	Series = {Lecture Notes in Computer Science},
	Title = {{Deployment of RDFa, Microdata, and Microformats on the Web -- A Quantitative Analysis}},
	Url = {http://dx.doi.org/10.1007/978-3-642-41338-4_2},
	Volume = {8219},
	Year = {2013},
	Bdsk-Url-1 = {http://dx.doi.org/10.1007/978-3-642-41338-4_2}}

@techreport{tillett2004frbr,
	Author = {Tillett, Barbara},
	Institute = {{Library of Congress Cataloging Distribution Service}},
	Note = {\url{http://www.loc.gov/cds/downloads/FRBR.PDF}},
	Title = {{FRBR: A Conceptual Model for the Bibliographic Universe}},
	Year = {2004}}

@misc{kupke2009canonical,
	Author = {Joachim Kupke and Maile Ohye},
	Month = feb,
	Note = {\url{http://googlewebmastercentral.blogspot.de/2009/02/specify-your-canonical.html}},
	Title = {{Specify your canonical}},
	Year = {2009}}

@misc{linsley2009rdfa,
	Author = {Peter Linsley},
	Month = aug,
	Note = {\url{http://googlewebmastercentral.blogspot.com/2009/08/specifying-images-license-using-rdfa.html}},
	Title = {{Specifying an image's license using RDFa}},
	Year = {2009}}

@techreport{page1999pagerank,
	Author = {Lawrence Page and Sergey Brin and Rajeev Motwani and Terry Winograd},
	Institution = {Stanford InfoLab},
	Month = nov,
	Publisher = {Stanford InfoLab},
	Title = {{The PageRank Citation Ranking: Bringing Order to the Web}},
	Type = {Technical Report},
	Url = {http://ilpubs.stanford.edu:8090/422/},
	Year = {1999},
	Bdsk-Url-1 = {http://ilpubs.stanford.edu:8090/422/}}

@misc{simonite2013commoncrawl,
	Author = {Tom Simonite},
	Month = jan,
	Note = {\url{http://www.technologyreview.com/news/509931/a-free-database-of-the-entire-web-may-spawn-the-next-google/}},
	Title = {{A Free Database of the Entire Web May Spawn the Next Google}},
	Year = {2013}}

@techreport{iso285002008warc,
	Author = {{ISO 28500}},
	Note = {\url{http://bibnum.bnf.fr/WARC/WARC_ISO_28500_version1_latestdraft.pdf}},
	Title = {{Information and documentation -- The WARC File Format}},
	Type = {{International Standard}},
	Year = {2008}}

@techreport{goel2011wat,
	Author = {Vinay Goel},
	Month = apr,
	Note = {\url{https://webarchive.jira.com/wiki/display/Iresearch/Web+Archive+Metadata+File+Specification}},
	Title = {{Web Archive Metadata File Specification}},
	Year = {2011}}

@techreport{burner1996arc,
	Author = {Mike Burner and Brewster Kahle},
	Month = jan,
	Note = {\url{http://archive.org/web/researcher/ArcFileFormat.php}},
	Title = {{Arc File Format}},
	Year = {1996}}

@misc{green2014winter,
	Author = {Lisa Green},
	Month = jan,
	Note = {\url{http://commoncrawl.org/winter-2013-crawl-data-now-available/}},
	Title = {{Winter 2013 Crawl Data Now Available}},
	Year = {2014}}

@inproceedings{lambert2010linkeddata,
	Abstract = {We present a pair of prototype tools that enable users to mark up video with annotations and later explore related materials using Semantic Web and Linked Data approaches. The ?first tool helps academics preparing Open University course materials to mark up videos with information about the subject matter and audio-visual content. The second tool enables users, such as students or academics, to find video and other materials relevant to their study.},
	Author = {David Lambert and Hong Qing Yu},
	Booktitle = {{SemHE '10: The Second International Workshop on Semantic Web Applications in Higher Education}},
	Title = {{Linked Data based Video Annotation and Browsing for Distance Learning}},
	Url = {http://oro.open.ac.uk/28901/},
	Year = {2010},
	Bdsk-Url-1 = {http://oro.open.ac.uk/28901/}}

@techreport{pfeiffer2013webvtt,
	Author = {Silvia Pfeiffer and Ian Hickson},
	Institution = {W3C},
	Month = nov,
	Title = {{WebVTT: The Web Video Text Tracks Format}},
	Type = {{Draft Community Group Specification}},
	Year = {2013}}

@techreport{berjon2013html5,
	Author = {Berjon, Robin and Faulkner, Steve and Leithead, Travis and others},
	Institution = {W3C},
	Note = {\url{http://www.w3.org/TR/html5/}},
	Title = {{HTML5, A~Vocabulary and Associated APIs for HTML and XHTML}},
	Type = {{Candidate Recommendation}},
	Year = {2013}}

@article{bizer2009linkeddata,
	Author = {Christian Bizer and Tom Heath and Tim Berners-Lee},
	Journal = {Int. J. Semantic Web Inf. Syst.},
	Number = {3},
	Pages = {1--22},
	Title = {{Linked Data---The Story So Far}},
	Volume = {5},
	Year = {2009}}

@inproceedings{steiner2014webvtt,
	Author = {Steiner, Thomas and M\"uhleisen, Hannes and Verborgh, Ruben and Champin, Pierre-Antoine and Encelle, Beno\^it and Pri\'e, Yannick},
	Booktitle = {Proceedings of the 7\textsuperscript{th} Workshop on Linked Data on the Web},
	Month = apr,
	Title = {{Weaving the {Web(VTT)} of Data}},
	Url = {http://events.linkeddata.org/ldow2014/papers/ldow2014_paper_11.pdf},
	Year = 2014,
	Bdsk-Url-1 = {http://events.linkeddata.org/ldow2014/papers/ldow2014_paper_11.pdf}}

@inproceedings{li2012creating,
	Abstract = {This demo enables the automatic creation of semantically annotated YouTube media fragments. A video is first ingested in the Synote system and a new method enables to retrieve its associated subtitles or closed captions. Next, NERD is used to extract named entities from the transcripts which are then temporally aligned with the video. The entities are disambiguated in the LOD cloud and a user interface enables to browse through the entities detected in a video or get more information. We evaluated our application with 60 videos from 3 YouTube channels.},
	Author = {Yunjia Li and Giuseppe Rizzo and Raphaël Troncy and Mike Wald and Gary Wills},
	Booktitle = {11\textsuperscript{th} International Semantic Web Conference (ISWC2012)},
	Keywords = {media fragment, media annotation, NERD},
	Month = {November},
	Title = {{Creating Enriched YouTube Media Fragments with NERD Using Timed-Text}},
	Url = {http://eprints.soton.ac.uk/342577/},
	Year = {2012},
	Bdsk-Url-1 = {http://eprints.soton.ac.uk/342577/}}

@inproceedings{li2013enriching,
	Acmid = {2487970},
	Author = {Li, Yunjia and Rizzo, Giuseppe and Redondo Garc\'{\i}a, José Luis and Troncy, Rapha\"{e}l and Wald, Mike and Wills, Gary},
	Booktitle = {Proceedings of the 22\textsuperscript{nd} International Conference on World Wide Web Companion},
	Isbn = {978-1-4503-2038-2},
	Keywords = {concept extraction, media annotation, media fragment, named entity extraction, nerd, video classification},
	Location = {Rio de Janeiro, Brazil},
	Numpages = {8},
	Pages = {469--476},
	Series = {WWW '13 Companion},
	Title = {{Enriching Media Fragments with Named Entities for Video Classification}},
	Url = {http://dl.acm.org/citation.cfm?id=2487788.2487970},
	Year = {2013},
	Bdsk-Url-1 = {http://dl.acm.org/citation.cfm?id=2487788.2487970}}

@techreport{troncy2012mediafragments,
	Author = {R. Troncy and E. Mannens and S. Pfeiffer and others},
	Institution = {W3C},
	Month = sep,
	Note = {\url{http://www.w3.org/TR/media-frags/}},
	Title = {{Media Fragments URI~1.0 (basic)}},
	Type = {{Recommendation}},
	Year = {2012}}

@techreport{lee2012mediaontology,
	Author = {W. Lee and W. Bailer and T. B\"urger and others},
	Institution = {W3C},
	Month = feb,
	Note = {\url{http://www.w3.org/TR/mediaont-10/}},
	Title = {{Ontology for Media Resources~1.0}},
	Type = {{Recommendation}},
	Year = {2012}}

@inproceedings{hausenblas2009im,
	Author = {Michael Hausenblas and Raphaël Troncy and Yves Raimond and Tobias Bürger},
	Booktitle = {{Linked Data on the Web Workshop (LDOW 09), in conjunction with the 18\textsuperscript{th} International World Wide Web Conference (WWW 09)}},
	Title = {{Interlinking Multimedia: How to Apply Linked Data Principles to Multimedia Fragments}},
	Year = {2009}}

@inproceedings{steiner2010semwebvid,
	Author = {Thomas Steiner},
	Booktitle = {{Proceedings of the ISWC 2010 Posters \& Demonstrations Track: Collected Abstracts, Shanghai, China, November 9, 2010}},
	Date-Added = {2013-06-20 14:17:00 +0000},
	Date-Modified = {2013-06-20 14:17:00 +0000},
	Month = nov,
	Pages = {97--100},
	Series = {CEUR Workshop Proceedings ISSN 1613-0073},
	Title = {{SemWebVid -- Making Video a First Class Semantic Web Citizen and a First Class Web Bourgeois}},
	Url = {http://ceur-ws.org/Vol-658/paper469.pdf},
	Volume = {658},
	Year = {2010},
	Bdsk-Url-1 = {http://ceur-ws.org/Vol-658/paper469.pdf}}

@techreport{cyganiak2014rdf11concepts,
	Author = {R. Cyganiak and D. Wood and M. Lanthaler},
	Institution = {W3C},
	Month = jan,
	Note = {\url{http://www.w3.org/TR/rdf11-concepts/}},
	Title = {{RDF 1.1 Concepts and Abstract Syntax}},
	Type = {{Proposed Recommendation}},
	Year = {2014}}
