%% This BibTeX bibliography file was created using BibDesk.
%% http://bibdesk.sourceforge.net/


%% Created for Thomas Steiner at 2014-07-16 01:04:56 +0200 


%% Saved with string encoding Unicode (UTF-8) 



@techreport{laframboise2012naturaldisasters,
	Author = {Nicole Laframboise and Boileau Loko},
	Institution = {International Monetary Fund},
	Note = {\url{http://www.imf.org/external/pubs/ft/wp/2012/wp12245.pdf}},
	Title = {{Natural Disasters: Mitigating Impact, Managing Risks}},
	Type = {{IMF Working Paper}},
	Year = {2012}}

@techreport{westfall2010cap,
	Author = {Jacob Westfall},
	Institution = {OASIS},
	Note = {\url{http://docs.oasis-open.org/emergency/cap/v1.2/CAP-v1.2-os.doc}},
	Title = {{Common Alerting Protocol Version 1.2}},
	Type = {{OASIS Standard}},
	Year = {2010}}
